%bibliografias no formato bibtex

@article{tecnicas,
title = {\textbf{Teste de Software}},
author = { Paulo Tozelli},
note = { Acessado em 18 abr. 2016.},
year = {2008},
url = {http://imasters.com.br/artigo/9572/software/teste-de-software?trace=1519021197&source=single}
}


@article{rest2,
title = {\textbf{Web ágil com VRaptor, Hibernate e AJAX  }},
author = {Caelum},
note = {Acessado em 05 nov. 2016.},
year = {2016},
url = {https://www.caelum.com.br/apostila-vraptor-hibernate/rest/#11-2-caracteristicas-e-vantagens}
}


@book{rest,
  title = {REST Construa Api's inteligente de maneira simples },
  author = {Alexandre Saudate  },
  note = {Acessado em 05 nov. 2016.},
  year = {2013},
  publisher = { Casa do Código }
}


@article{restify,
title = {\textbf{About restify }},
author = {Restify},
note = {Acessado em 28 out. 2016.},
year = {2016},
url = {http://restify.com/}
}




@article{relatorio,
title = {\textbf{Uso de Métricas nos Testes de Software }},
author = {LIA DEGRAZIA TRODO},
note = {Acessado em 28 out. 2016.},
year = {2009},
url = {http://www.lume.ufrgs.br/bitstream/handle/10183/18574/000730980.pdf?...1}
}
 




 

@book{tdd2,
  title = {Test-Driven Development Teste e Design no Mundo Real com .NET },
  author = {Mauricio Aniche  },
  note = {Acessado em 28 out. 2016.},
  year = {2013},
  publisher = { Casa do Código }
}


@article{tdd,
title = {\textbf{Conceitos e Benefícios do Test Driven Development }},
author = {Eduardo N. Borges},
note = {Acessado em 31 out. 2016.},
year = {2016},
url = {http://www.inf.ufrgs.br/~cesantin/TDD-Eduardo.pdf}
}
 
 


@article{integracao,
title = {\textbf{Integração Continua uma Introdução ao Assunto }},
author = {Fabio Gomes},
note = {Acessado em 31 out. 2016.},
year = {2016},
url = {http://www.devmedia.com.br/integracao-continua-uma-introducao-ao-assunto/28002}
}

@article{integracaoContinua,
title = {\textbf{Continuous Integration }},
author = {Martin Fowler},
note = {Acessado em 31 out. 2016.},
year = {2006},
url = {http://martinfowler.com/articles/continuousIntegration.html}
}

@article{istanbul,
title = {\textbf{istanbul: A Javascript code coverage tool written in JS }},
author = {Istanbul},
note = {Acessado em 31 out. 2016.},
year = {2016},
url =  http://gotwarlost.github.io/istanbul/}
}






@article{boostrap,
title = {\textbf{Boostrap e Formulário HTML5 }},
author = {Victor Marie Hugo},
note = {Acessado em 31 out. 2016.},
year = {2016},
url = {https://www.caelum.com.br/apostila-html-css-javascript/bootstrap-e-formularios-html5/#10-1-bootstrap-e-frameworks-de-css}
}






@article{integracao,
title = {\textbf{Testes de Integração com Java e Junit }},
author = {Higor Medeiros},
note = {Acessado em 1 mar. 2016.},
year = {2016},
url = {http://www.devmedia.com.br/testes-de-integracao-com-java-e-junit/25662}
}


@article{unidade,
title = {\textbf{Introdução a Teste de Software }},
author = {Arilo Claudio}, 
note = {Acessado em 1 mar. 2016.},
year = {2016},
url = {http://www.devmedia.com.br/artigo-engenharia-de-software-introducao-a-teste-de-software/8035}
}







@article{NPM,
title = {\textbf{WEntendendo o NPM e o Bower}},
author = {Breno Queiroz},
note = {Acessado em 6 set. 2016.},
year = {2016},
url = {http://www.brenoqueiroz.com.br/entendendo-o-npm-e-o-bower/}
}

@article{Mongoose,
title = {\textbf{Mongosse}},
author = {Mongoose},
note = {Acessado em 7 ago. 2016.},
year = {2016},
url = {mongoosejs.com/}
}




@article{chai,
title = {\textbf{Chai}},
author = {Chai},
note = {Acessado em 7 ago. 2016.},
year = {2016},
url = {http://chaijs.com/}
}

@article{angular,
title = {\textbf{What Is Angular?}},
author = {AngularJS},
note = {Acessado em 01 ago. 2016.},
year = {2016},
url = {https://docs.angularjs.org/guide/introduction}
}



@article{angularjs,
title = {\textbf{Additional tools for testing Angular applications}},
author = {AngularJS},
note = {Acessado em 01 ago. 2016.},
year = {2016},
url = {https://docs.angularjs.org/guide/unit-testing}
}
 

@article{mocha,
title = {\textbf{MOCHA}},
author = {MOCHA},
note = {Acessado em 01 ago. 2016.},
year = {2016},
url = {https://mochajs.org/}
}


@article{mongo,
title = {\textbf{Introdução ao MongoDB}},
author = {Higor Medeiros},
note = {Acessado em 01 ago. 2016.},
year = {2016},
url = {http://www.devmedia.com.br/introducao-ao-mongodb/30792}
}

@article{node,
title = {\textbf{O que é NODEJS}},
author = {NODEJS},
note = {Acessado em 29 abr. 2016.},
year = {2016},
url = {http://nodebr.com/o-que-e-node-js/}
}


@article{travisci,
title = {\textbf{Documentation}},
author = {Travis CI},
note = {Acessado em 29 abr. 2016.},
year = {2016},
url = {https://docs.travis-ci.com/}
}


@article{javascript,
title = {\textbf{JavaScript}},
author = {Mozilla Developer Network},
note = {Acessado em 29 abr. 2016.},
year = {2016},
url = {https://developer.mozilla.org/pt-BR/docs/Web/JavaScript}
}


@article{maujor,
title = {\textbf{Perguntas frequentes}},
author = {Maujor },
note = {Acessado em 28 abr. 2016.},
year = {2016},
url = {http://www.maujor.com/tutorial/faq.php#css}
}


@article{postgres,
title = {\textbf{History}},
author = {Postgresql },
note = {Acessado em 27 abr. 2016.,
year = {2016},
url = {http://www.postgresql.org/about/history/}
}



@article{html,
title = {\textbf{O que é HTML?}},
author = {Diego Eis},
note = {Acessado em 29 abr. 2016.},
year = {2016},
url = {http://tableless.com.br/o-que-html-basico/}
}

@article{phantom,
title = {\textbf{PhantomJS}},
author = {PhantomJS },
note = {Acessado em 27 abr. 2016.},
year = {2010},
url = {http://phantomjs.org//}
}

@article{desenvolvedor,
title = {\textbf{Programador e Desenvolvedor}},
author = {Eduardo Costa},
note = {Acessado em 27 abr. 2016.},
year = {2016},
url = {http://www.dimensaotech.com/2008/07/programador-e-desenvolvedor/}

}



@article{casper,
title = {\textbf{CasperJS}},
author = {CasperJS},
note = {Acessado em 27 abr. 2016.},
year = {2011},
url = {http://casperjs.org/}
}


@article{pesquisa,
title = {\textbf{Como elaborar um questionário}},
author = {Hartmut Günther},
note = {Acessado em 20 abr. 2016.},
year = {2003},
url = {http://www.dcoms.unisc.br/portal/upload/com_arquivo/como_elaborar_um_questionario.pdf}

}


@article{aplicada,
title = {\textbf{Pesquisa e ensino: considerações e reflexões}},
author = {Márcio Luiz Corrêa Vila{\c c}a},
note = {Acessado em 20/04/2016},
year = {2010},
url = {http://www.uniabeu.edu.br/publica/index.php/RE/article/viewFile/26/pdf_23}

}

@article{engenharia,
title = {\textbf{Introdução a Teste de Software}},
author = { Arilo Cláudio Dias Neto},
note = { Acessado em 18 abr. 2016.},
year = {2016},
url = {http://www.devmedia.com.br/artigo-engenharia-de-software-introducao-a-teste-de-software/8035}
}

@article{ime,
title = {\textbf{ A importancia dos testes automatizados}},
author = {Paulo C. and Fabio Kon},
year = {2016},
note = { Acessado em 18 abr. 2016.},
url = {https://www.ime.usp.br/~kon/papers/EngSoftMagazine-IntroducaoTestes.pdf}
}

@article{qualister,
title = {\textbf{Introdução a automação de teste}},
author = {Cristiano Caetano},
note = {Acessado em 18/04/2016},
year = {2016}, 
url={http://www.qualister.com.br/blog/introducao-a-automacao-de-testes}
}

@article{branca,
title = {\textbf{Teste de Software Estrutural}},
author = {Andrey Ricardo Pimente},
note = {Acessado em 14 mar. 2016.},
year = {2016}, 
url={http://www.inf.ufpr.br/andrey/ci221/apresentacaoTesteEstrutural.pdf}
}

@book{qualidade,
title = {\textbf{Qualidade de Software}},
author = {Andre Koscianski and Michel dos Santos Soares},
edition = {2º Edição},
year = {2007},
publisher = {Novatec}
}

@article {teste,
title = {\textbf{A importância dos Testes de Qualidade no desenvolvimento de Software}},
author = {Renata Milena dos Anjos Silva},
note = {Acessado em 22 mar. 2016.},
year = {2016},
url = {http://portal.ftc.br/eventos/wie/2012/artigos/8%20-%20A%20import%C3%A2ncia%20dos%20Testes%20de%20Qualidade%20no%20%20desenvolvimento%20de%20Software.pdf}
}


@article{aplicando,
  title = {\textbf{Aplicando testes em XP com o framework JUnit}},
  author = {Adriane Pedroso Dias and Sabrina Borba Dalcin and Marcos Cordeiro D Ornellas},
  note = {Acessado em 09 mar. 2016.},
  year = "[s. d.]",
  url={http://algol.dcc.ufla.br/ojs/index.php/INFOCOMP/article/view/145}
}

































@article{memoria,
  title = {Memória e Aprendizagem},
  author = {Rodrigo Pavão},
  note = {Acessado em 21/02/2016},
  year = {2008},
  url={http://www.ib.usp.br/~rpavao/memoria.pdf}
}

@book{supermemo,
  title = {Optimization of repetition spacing in the practice of learning },
  author = "{Woznia e Gorzelanczyk }",
  note = {Acessado em 21/02/2016},
  year = {1994},
  url={http://www.rozjec.ane.pl/pdf/5409.pdf}
}

@book{memory,
  title = { Memory: A contribution to experimental psychology },
  author = {Hermann Ebbinghaus },
  note = {Acessado em 21/02/2016},
  year = {1885},
  url={http://babel.hathitrust.org/cgi/pt?id=mdp.39015014557006;view=1up;seq=7},
  publisher = { Dover }
}

@article{aprendizado,
  title = {Aprendizado e suas Implicações no Processo Educativo},
  author = {Sueli de Fátima Alexandre},
  note = {Acessado em 22/02/2016},
  year = "[s. d.]",
  url={http://www.slmb.ueg.br/iconeletras/artigos/volume6/aprendizagem-e-suas-implicacoes.pdf}
}

